@techreport{diduce:MBS33,
	title = {Pressure transmitters for industrial applications MBS 32 and MBS 33},
	institution = {Danfoss | DCS (im)},
	year = {2017},
	month = {09.},
}
@techreport{diduce:SD-2,
	title = {Separator obrodów typ S2-D},
	institution = {Simex, www.simex.pl},

}
@techreport{diduce:S7-300,
	title = {S7-300 Module data},
	institution = {Siemens, www.siemens.com},
	number={A5E00105505-AJ},
	year = {2017},
	month = {06.},
}
@techreport{diduce:MICROMASTER,
	title = {MICROMASTER 440 0,12 kW - 250 kW Instrukcja Obsługi},
	institution = {Siemens Sp. z o.o},
	address = {03-821 Warszawa, ul. Żupnicza 11},
	year = { 2012 },
	month = {02.},
}

@techreport{diduce:Artemis,
	author = {Long Fei and Samuel P. Midkiff},
	title = {{Artemis: Practical Runtime Monitoring of Applications for Errors}},
	institution = {Purdue University, School of Electrical and Computer Engineering},
	number = {TR-ECE 05-02},
	address = {465 Northwestern Ave, West Lafayette, IN 47907-2035},
	month = {November~16,},
	year = {2005},
}

% ex: set tabstop=4 shiftwidth=4 softtabstop=4 noexpandtab fileformat=unix filetype=bib spelllang=pl,en spell:
